
   <marc:record>
      <marc:leader>     cgm a22        4500</marc:leader>
      <marc:controlfield tag="001">49474877X</marc:controlfield>
      <marc:controlfield tag="003">DE-576</marc:controlfield>
      <marc:controlfield tag="005">20180731115750.0</marc:controlfield>
      <marc:controlfield tag="007">mo uuu---uuuuu</marc:controlfield>
      <marc:controlfield tag="008">171025s1976    xx ||| |      |   m|zxx c</marc:controlfield>
      <marc:datafield tag="035" ind1=" " ind2=" ">
         <marc:subfield code="a">(DE-627)1564748774</marc:subfield>
      </marc:datafield>
      <marc:datafield tag="035" ind1=" " ind2=" ">
         <marc:subfield code="a">(DE-576)49474877X</marc:subfield>
      </marc:datafield>
      <marc:datafield tag="035" ind1=" " ind2=" ">
         <marc:subfield code="a">(DE-599)BSZ49474877X</marc:subfield>
      </marc:datafield>
      <marc:datafield tag="035" ind1=" " ind2=" ">
         <marc:subfield code="a">(OCoLC)1010504273</marc:subfield>
      </marc:datafield>
      <marc:datafield tag="040" ind1=" " ind2=" ">
         <marc:subfield code="a">DE-576</marc:subfield>
         <marc:subfield code="b">ger</marc:subfield>
         <marc:subfield code="c">DE-576</marc:subfield>
         <marc:subfield code="e">rda</marc:subfield>
      </marc:datafield>
      <marc:datafield tag="041" ind1=" " ind2=" ">
         <marc:subfield code="a">zxx</marc:subfield>
      </marc:datafield>
      <marc:datafield tag="245" ind1="1" ind2="0">
         <marc:subfield code="a">Pas de deux "Etudes"</marc:subfield>
         <marc:subfield code="c">von Carl Czerny ; [Kurt Petermann] ; Ildiko Pongor, Ungarn, Laszlo Mesaros, Ungarn ; Choreographie: Herald Lander ; Klavier:  Lajos Maher ; [VIII. Internationaler Ballettwettbewerb Varna]</marc:subfield>
      </marc:datafield>
      <marc:datafield tag="264" ind1=" " ind2="1">
         <marc:subfield code="a">Warna</marc:subfield>
         <marc:subfield code="b">[Verlag nicht ermittelbar]</marc:subfield>
         <marc:subfield code="c">1976</marc:subfield>
      </marc:datafield>
      <marc:datafield tag="300" ind1=" " ind2=" ">
         <marc:subfield code="a">1 Film (10:01 Minuten)</marc:subfield>
         <marc:subfield code="b">farbig</marc:subfield>
         <marc:subfield code="c">16 mm</marc:subfield>
      </marc:datafield>
      <marc:datafield tag="336" ind1=" " ind2=" ">
         <marc:subfield code="a">zweidimensionales bewegtes Bild</marc:subfield>
         <marc:subfield code="b">tdi</marc:subfield>
         <marc:subfield code="2">rdacontent</marc:subfield>
      </marc:datafield>
      <marc:datafield tag="337" ind1=" " ind2=" ">
         <marc:subfield code="a">projizierbar</marc:subfield>
         <marc:subfield code="b">g</marc:subfield>
         <marc:subfield code="2">rdamedia</marc:subfield>
      </marc:datafield>
      <marc:datafield tag="338" ind1=" " ind2=" ">
         <marc:subfield code="a">Filmrolle</marc:subfield>
         <marc:subfield code="b">mo</marc:subfield>
         <marc:subfield code="2">rdacarrier</marc:subfield>
      </marc:datafield>
      <marc:datafield tag="500" ind1=" " ind2=" ">
         <marc:subfield code="a">Tanzfilm. Bulgarien. 1976</marc:subfield>
      </marc:datafield>
      <marc:datafield tag="655" ind1=" " ind2="7">
         <marc:subfield code="a">Film</marc:subfield>
         <marc:subfield code="0">(DE-588)4017102-4</marc:subfield>
         <marc:subfield code="0">(DE-627)104559683</marc:subfield>
         <marc:subfield code="0">(DE-576)208918531</marc:subfield>
         <marc:subfield code="2">gnd-content</marc:subfield>
      </marc:datafield>
      <marc:datafield tag="700" ind1="1" ind2=" ">
         <marc:subfield code="a">Petermann, Kurt</marc:subfield>
         <marc:subfield code="d">1930-1984</marc:subfield>
         <marc:subfield code="e">FilmemacherIn</marc:subfield>
         <marc:subfield code="0">(DE-588)123791413</marc:subfield>
         <marc:subfield code="0">(DE-627)082769737</marc:subfield>
         <marc:subfield code="0">(DE-576)215010728</marc:subfield>
         <marc:subfield code="4">fmk</marc:subfield>
      </marc:datafield>
      <marc:datafield tag="700" ind1="1" ind2=" ">
         <marc:subfield code="a">Czerny, Carl</marc:subfield>
         <marc:subfield code="d">1791-1857</marc:subfield>
         <marc:subfield code="e">KomponistIn</marc:subfield>
         <marc:subfield code="0">(DE-588)118677667</marc:subfield>
         <marc:subfield code="0">(DE-627)134580311</marc:subfield>
         <marc:subfield code="0">(DE-576)209274379</marc:subfield>
         <marc:subfield code="4">cmp</marc:subfield>
      </marc:datafield>
      <marc:datafield tag="700" ind1="1" ind2=" ">
         <marc:subfield code="a">Lander, Herald</marc:subfield>
         <marc:subfield code="e">ChoreografIn</marc:subfield>
         <marc:subfield code="4">chr</marc:subfield>
      </marc:datafield>
      <marc:datafield tag="700" ind1="1" ind2=" ">
         <marc:subfield code="a">Maher, Lajos</marc:subfield>
         <marc:subfield code="e">InstrumentalmusikerIn</marc:subfield>
         <marc:subfield code="4">itr</marc:subfield>
      </marc:datafield>
      <marc:datafield tag="700" ind1="1" ind2=" ">
         <marc:subfield code="a">Pongor, Ildiko</marc:subfield>
         <marc:subfield code="e">TänzerIn</marc:subfield>
         <marc:subfield code="4">dnc</marc:subfield>
      </marc:datafield>
      <marc:datafield tag="700" ind1="1" ind2=" ">
         <marc:subfield code="a">Mesaros, Laszlo</marc:subfield>
         <marc:subfield code="e">TänzerIn</marc:subfield>
         <marc:subfield code="4">dnc</marc:subfield>
      </marc:datafield>
      <marc:datafield tag="711" ind1="2" ind2=" ">
         <marc:subfield code="a">Internationaler Ballettwettbewerb Warna</marc:subfield>
         <marc:subfield code="n">8.</marc:subfield>
         <marc:subfield code="d">1976</marc:subfield>
         <marc:subfield code="c">Warna</marc:subfield>
         <marc:subfield code="j">VeranstalterIn</marc:subfield>
         <marc:subfield code="0">(DE-588)1138999326</marc:subfield>
         <marc:subfield code="0">(DE-627)896650995</marc:subfield>
         <marc:subfield code="0">(DE-576)492811458</marc:subfield>
         <marc:subfield code="4">orm</marc:subfield>
      </marc:datafield>
      <marc:datafield tag="935" ind1=" " ind2=" ">
         <marc:subfield code="c">vide</marc:subfield>
         <marc:subfield code="c">muto</marc:subfield>
      </marc:datafield>
      <marc:datafield tag="937" ind1=" " ind2=" ">
         <marc:subfield code="a">Tanzfilm</marc:subfield>
         <marc:subfield code="b">Bulgarien</marc:subfield>
         <marc:subfield code="c">1976</marc:subfield>
      </marc:datafield>
      <marc:datafield tag="951" ind1=" " ind2=" ">
         <marc:subfield code="a">BO</marc:subfield>
      </marc:datafield>
   </marc:record>