
   <marc:record>
      <marc:leader>     cgm a22        4500</marc:leader>
      <marc:controlfield tag="001">494374918</marc:controlfield>
      <marc:controlfield tag="003">DE-576</marc:controlfield>
      <marc:controlfield tag="005">20171115130037.0</marc:controlfield>
      <marc:controlfield tag="007">mo uuu---uuuuu</marc:controlfield>
      <marc:controlfield tag="008">171013s1981    xx ||| |      |   m|zxx c</marc:controlfield>
      <marc:datafield tag="035" ind1=" " ind2=" ">
         <marc:subfield code="a">(DE-627)1564374912</marc:subfield>
      </marc:datafield>
      <marc:datafield tag="035" ind1=" " ind2=" ">
         <marc:subfield code="a">(DE-576)494374918</marc:subfield>
      </marc:datafield>
      <marc:datafield tag="035" ind1=" " ind2=" ">
         <marc:subfield code="a">(DE-599)BSZ494374918</marc:subfield>
      </marc:datafield>
      <marc:datafield tag="035" ind1=" " ind2=" ">
         <marc:subfield code="a">(OCoLC)1010226781</marc:subfield>
      </marc:datafield>
      <marc:datafield tag="040" ind1=" " ind2=" ">
         <marc:subfield code="a">DE-576</marc:subfield>
         <marc:subfield code="b">ger</marc:subfield>
         <marc:subfield code="c">DE-576</marc:subfield>
         <marc:subfield code="e">rda</marc:subfield>
      </marc:datafield>
      <marc:datafield tag="041" ind1=" " ind2=" ">
         <marc:subfield code="a">zxx</marc:subfield>
      </marc:datafield>
      <marc:datafield tag="245" ind1="1" ind2="0">
         <marc:subfield code="a">Variation aus dem Ballett "Don Quichotte"</marc:subfield>
         <marc:subfield code="c">[Kurt Petermann] ; Musik: Minkus ; Choreographie: Gorski ; Es tanzt: Thomas Vollmer (1. Preis, Wettbewerbsgruppe 1) ; [VII. Ballettwettbewerb der DDR]</marc:subfield>
      </marc:datafield>
      <marc:datafield tag="264" ind1=" " ind2="1">
         <marc:subfield code="a">Dessau</marc:subfield>
         <marc:subfield code="b">[Verlag nicht ermittelbar]</marc:subfield>
         <marc:subfield code="c">1981</marc:subfield>
      </marc:datafield>
      <marc:datafield tag="300" ind1=" " ind2=" ">
         <marc:subfield code="a">1 Film (1:18 Minuten)</marc:subfield>
         <marc:subfield code="b">farbig</marc:subfield>
         <marc:subfield code="c">16 mm</marc:subfield>
      </marc:datafield>
      <marc:datafield tag="336" ind1=" " ind2=" ">
         <marc:subfield code="a">zweidimensionales bewegtes Bild</marc:subfield>
         <marc:subfield code="b">tdi</marc:subfield>
         <marc:subfield code="2">rdacontent</marc:subfield>
      </marc:datafield>
      <marc:datafield tag="337" ind1=" " ind2=" ">
         <marc:subfield code="a">projizierbar</marc:subfield>
         <marc:subfield code="b">g</marc:subfield>
         <marc:subfield code="2">rdamedia</marc:subfield>
      </marc:datafield>
      <marc:datafield tag="338" ind1=" " ind2=" ">
         <marc:subfield code="a">Filmrolle</marc:subfield>
         <marc:subfield code="b">mo</marc:subfield>
         <marc:subfield code="2">rdacarrier</marc:subfield>
      </marc:datafield>
      <marc:datafield tag="500" ind1=" " ind2=" ">
         <marc:subfield code="a">Auf dem Vorspann: VIII. Ballettwettbewerb der DDR 1981. - Festkonzert der Preisträger des Choreographen- und Tänzerwettbewerbs, Landestheater Dessau, Sonntag, 12. April 1981</marc:subfield>
      </marc:datafield>
      <marc:datafield tag="500" ind1=" " ind2=" ">
         <marc:subfield code="a">Tanzfilm. DDR. 1981</marc:subfield>
      </marc:datafield>
      <marc:datafield tag="655" ind1=" " ind2="7">
         <marc:subfield code="a">Film</marc:subfield>
         <marc:subfield code="0">(DE-588)4017102-4</marc:subfield>
         <marc:subfield code="0">(DE-627)104559683</marc:subfield>
         <marc:subfield code="0">(DE-576)208918531</marc:subfield>
         <marc:subfield code="2">gnd-content</marc:subfield>
      </marc:datafield>
      <marc:datafield tag="700" ind1="1" ind2=" ">
         <marc:subfield code="a">Petermann, Kurt</marc:subfield>
         <marc:subfield code="d">1930-1984</marc:subfield>
         <marc:subfield code="e">FilmemacherIn</marc:subfield>
         <marc:subfield code="0">(DE-588)123791413</marc:subfield>
         <marc:subfield code="0">(DE-627)082769737</marc:subfield>
         <marc:subfield code="0">(DE-576)215010728</marc:subfield>
         <marc:subfield code="4">fmk</marc:subfield>
      </marc:datafield>
      <marc:datafield tag="700" ind1="1" ind2=" ">
         <marc:subfield code="a">Minkus, Ludwig</marc:subfield>
         <marc:subfield code="d">1826-1917</marc:subfield>
         <marc:subfield code="e">KomponistIn</marc:subfield>
         <marc:subfield code="0">(DE-588)120442779</marc:subfield>
         <marc:subfield code="0">(DE-627)254926606</marc:subfield>
         <marc:subfield code="0">(DE-576)213214040</marc:subfield>
         <marc:subfield code="4">cmp</marc:subfield>
      </marc:datafield>
      <marc:datafield tag="700" ind1="1" ind2=" ">
         <marc:subfield code="a">Gorski, Alex</marc:subfield>
         <marc:subfield code="e">ChoreografIn</marc:subfield>
         <marc:subfield code="0">(DE-588)131864319</marc:subfield>
         <marc:subfield code="0">(DE-627)515813869</marc:subfield>
         <marc:subfield code="0">(DE-576)298802236</marc:subfield>
         <marc:subfield code="4">chr</marc:subfield>
      </marc:datafield>
      <marc:datafield tag="700" ind1="1" ind2=" ">
         <marc:subfield code="a">Vollmer, Thomas</marc:subfield>
         <marc:subfield code="d">1956-</marc:subfield>
         <marc:subfield code="e">TänzerIn</marc:subfield>
         <marc:subfield code="0">(DE-588)138742294</marc:subfield>
         <marc:subfield code="0">(DE-627)703090259</marc:subfield>
         <marc:subfield code="0">(DE-576)308883098</marc:subfield>
         <marc:subfield code="4">dnc</marc:subfield>
      </marc:datafield>
      <marc:datafield tag="711" ind1="2" ind2=" ">
         <marc:subfield code="a">Ballettwettbewerb der DDR</marc:subfield>
         <marc:subfield code="n">7.</marc:subfield>
         <marc:subfield code="d">1981</marc:subfield>
         <marc:subfield code="c">Dessau</marc:subfield>
         <marc:subfield code="j">VeranstalterIn</marc:subfield>
         <marc:subfield code="0">(DE-588)1138995924</marc:subfield>
         <marc:subfield code="0">(DE-627)896592251</marc:subfield>
         <marc:subfield code="0">(DE-576)492810443</marc:subfield>
         <marc:subfield code="4">orm</marc:subfield>
      </marc:datafield>
      <marc:datafield tag="935" ind1=" " ind2=" ">
         <marc:subfield code="c">vide</marc:subfield>
         <marc:subfield code="c">muto</marc:subfield>
      </marc:datafield>
      <marc:datafield tag="937" ind1=" " ind2=" ">
         <marc:subfield code="a">Tanzfilm</marc:subfield>
         <marc:subfield code="b">DDR</marc:subfield>
         <marc:subfield code="c">1981</marc:subfield>
      </marc:datafield>
      <marc:datafield tag="951" ind1=" " ind2=" ">
         <marc:subfield code="a">BO</marc:subfield>
      </marc:datafield>
   </marc:record>