
   <marc:record>
      <marc:leader>     ccm a22        4500</marc:leader>
      <marc:controlfield tag="001">49427526X</marc:controlfield>
      <marc:controlfield tag="003">DE-576</marc:controlfield>
      <marc:controlfield tag="005">20180516095014.0</marc:controlfield>
      <marc:controlfield tag="007">qu</marc:controlfield>
      <marc:controlfield tag="008">171011s1971    xx ||||| |||| ||| | nor c</marc:controlfield>
      <marc:datafield tag="035" ind1=" " ind2=" ">
         <marc:subfield code="a">(DE-627)1564275264</marc:subfield>
      </marc:datafield>
      <marc:datafield tag="035" ind1=" " ind2=" ">
         <marc:subfield code="a">(DE-576)49427526X</marc:subfield>
      </marc:datafield>
      <marc:datafield tag="035" ind1=" " ind2=" ">
         <marc:subfield code="a">(DE-599)BSZ49427526X</marc:subfield>
      </marc:datafield>
      <marc:datafield tag="035" ind1=" " ind2=" ">
         <marc:subfield code="a">(OCoLC)1010096388</marc:subfield>
      </marc:datafield>
      <marc:datafield tag="040" ind1=" " ind2=" ">
         <marc:subfield code="a">DE-576</marc:subfield>
         <marc:subfield code="b">ger</marc:subfield>
         <marc:subfield code="c">DE-576</marc:subfield>
         <marc:subfield code="e">rda</marc:subfield>
      </marc:datafield>
      <marc:datafield tag="041" ind1=" " ind2=" ">
         <marc:subfield code="a">nor</marc:subfield>
         <marc:subfield code="a">ger</marc:subfield>
      </marc:datafield>
      <marc:datafield tag="084" ind1=" " ind2=" ">
         <marc:subfield code="a">AP 85406</marc:subfield>
         <marc:subfield code="2">rvk</marc:subfield>
         <marc:subfield code="0">(DE-625)rvk/8054:663</marc:subfield>
      </marc:datafield>
      <marc:datafield tag="084" ind1=" " ind2=" ">
         <marc:subfield code="a">AP 85200</marc:subfield>
         <marc:subfield code="2">rvk</marc:subfield>
         <marc:subfield code="0">(DE-625)rvk/8051:</marc:subfield>
      </marc:datafield>
      <marc:datafield tag="100" ind1="1" ind2=" ">
         <marc:subfield code="a">Lorenz, Karl</marc:subfield>
         <marc:subfield code="e">KomponistIn</marc:subfield>
         <marc:subfield code="0">(DE-627)123203570X</marc:subfield>
         <marc:subfield code="0">(DE-576)162035705</marc:subfield>
         <marc:subfield code="4">cmp</marc:subfield>
      </marc:datafield>
      <marc:datafield tag="245" ind1="1" ind2="0">
         <marc:subfield code="a">4 lette Europæiske danse</marc:subfield>
         <marc:subfield code="b">i 3-5 st. sats = 4 leichte europäische Tänze</marc:subfield>
         <marc:subfield code="c">Karl Lorenz</marc:subfield>
      </marc:datafield>
      <marc:datafield tag="246" ind1="3" ind2="1">
         <marc:subfield code="a">4 leichte europäische Tänze</marc:subfield>
      </marc:datafield>
      <marc:datafield tag="264" ind1=" " ind2="1">
         <marc:subfield code="a">København [u.a.]</marc:subfield>
         <marc:subfield code="b">Wilhelm Hansen Musik-Forlag [u.a.]</marc:subfield>
         <marc:subfield code="c">[1971?]</marc:subfield>
      </marc:datafield>
      <marc:datafield tag="264" ind1=" " ind2="4">
         <marc:subfield code="c">© 1971</marc:subfield>
      </marc:datafield>
      <marc:datafield tag="300" ind1=" " ind2=" ">
         <marc:subfield code="a">1 Partitur (13 Seiten)</marc:subfield>
         <marc:subfield code="b">1 Beilage</marc:subfield>
      </marc:datafield>
      <marc:datafield tag="336" ind1=" " ind2=" ">
         <marc:subfield code="a">Noten</marc:subfield>
         <marc:subfield code="b">ntm</marc:subfield>
         <marc:subfield code="2">rdacontent</marc:subfield>
      </marc:datafield>
      <marc:datafield tag="337" ind1=" " ind2=" ">
         <marc:subfield code="a">ohne Hilfsmittel zu benutzen</marc:subfield>
         <marc:subfield code="b">n</marc:subfield>
         <marc:subfield code="2">rdamedia</marc:subfield>
      </marc:datafield>
      <marc:datafield tag="338" ind1=" " ind2=" ">
         <marc:subfield code="a">Band</marc:subfield>
         <marc:subfield code="b">nc</marc:subfield>
         <marc:subfield code="2">rdacarrier</marc:subfield>
      </marc:datafield>
      <marc:datafield tag="348" ind1=" " ind2=" ">
         <marc:subfield code="a">Partitur</marc:subfield>
         <marc:subfield code="0">(DE-588)4173447-6</marc:subfield>
         <marc:subfield code="0">(DE-627)105379875</marc:subfield>
         <marc:subfield code="0">(DE-576)209950323</marc:subfield>
         <marc:subfield code="2">gnd-music</marc:subfield>
      </marc:datafield>
      <marc:datafield tag="935" ind1=" " ind2=" ">
         <marc:subfield code="c">muno</marc:subfield>
      </marc:datafield>
      <marc:datafield tag="936" ind1="r" ind2="v">
         <marc:subfield code="a">AP 85406</marc:subfield>
         <marc:subfield code="b">Europa</marc:subfield>
         <marc:subfield code="k">Allgemeines</marc:subfield>
         <marc:subfield code="k">Medien- und Kommunikationswissenschaften, Kommunikationsdesign</marc:subfield>
         <marc:subfield code="k">Tanz</marc:subfield>
         <marc:subfield code="k">Volkstanz</marc:subfield>
         <marc:subfield code="k">Volkstänze in einzelnen Ländern</marc:subfield>
         <marc:subfield code="k">Europa</marc:subfield>
         <marc:subfield code="0">(DE-627)1273380762</marc:subfield>
         <marc:subfield code="0">(DE-625)rvk/8054:663</marc:subfield>
         <marc:subfield code="0">(DE-576)203380762</marc:subfield>
      </marc:datafield>
      <marc:datafield tag="936" ind1="r" ind2="v">
         <marc:subfield code="a">AP 85200</marc:subfield>
         <marc:subfield code="b">Volkstanzsammlungen, Tanzspiele</marc:subfield>
         <marc:subfield code="k">Allgemeines</marc:subfield>
         <marc:subfield code="k">Medien- und Kommunikationswissenschaften, Kommunikationsdesign</marc:subfield>
         <marc:subfield code="k">Tanz</marc:subfield>
         <marc:subfield code="k">Volkstanz</marc:subfield>
         <marc:subfield code="k">Volkstanzsammlungen, Tanzspiele</marc:subfield>
         <marc:subfield code="0">(DE-627)1270693565</marc:subfield>
         <marc:subfield code="0">(DE-625)rvk/8051:</marc:subfield>
         <marc:subfield code="0">(DE-576)200693565</marc:subfield>
      </marc:datafield>
      <marc:datafield tag="951" ind1=" " ind2=" ">
         <marc:subfield code="a">BO</marc:subfield>
      </marc:datafield>
   </marc:record>