
   <marc:record>
      <marc:leader>     cgm a22        4500</marc:leader>
      <marc:controlfield tag="001">494096098</marc:controlfield>
      <marc:controlfield tag="003">DE-576</marc:controlfield>
      <marc:controlfield tag="005">20180731114520.0</marc:controlfield>
      <marc:controlfield tag="007">mo uuu---uuuuu</marc:controlfield>
      <marc:controlfield tag="008">171005s1979    xx ||| |      |   m|zxx c</marc:controlfield>
      <marc:datafield tag="035" ind1=" " ind2=" ">
         <marc:subfield code="a">(DE-627)1564096092</marc:subfield>
      </marc:datafield>
      <marc:datafield tag="035" ind1=" " ind2=" ">
         <marc:subfield code="a">(DE-576)494096098</marc:subfield>
      </marc:datafield>
      <marc:datafield tag="035" ind1=" " ind2=" ">
         <marc:subfield code="a">(DE-599)BSZ494096098</marc:subfield>
      </marc:datafield>
      <marc:datafield tag="035" ind1=" " ind2=" ">
         <marc:subfield code="a">(OCoLC)1009904458</marc:subfield>
      </marc:datafield>
      <marc:datafield tag="040" ind1=" " ind2=" ">
         <marc:subfield code="a">DE-576</marc:subfield>
         <marc:subfield code="b">ger</marc:subfield>
         <marc:subfield code="c">DE-576</marc:subfield>
         <marc:subfield code="e">rda</marc:subfield>
      </marc:datafield>
      <marc:datafield tag="041" ind1=" " ind2=" ">
         <marc:subfield code="a">zxx</marc:subfield>
      </marc:datafield>
      <marc:datafield tag="245" ind1="1" ind2="0">
         <marc:subfield code="a">"Aus dem Streichquartett cis-moll op. 131"</marc:subfield>
         <marc:subfield code="c">[Kurt Petermann] ; Marion Schurath Städtische Theater Leipzig ; Komponist: Ludwig van Beethoven ; Librettist: Marion Schurath ; [Choreographenwettbewerb der DDR, Schwerin]</marc:subfield>
      </marc:datafield>
      <marc:datafield tag="264" ind1=" " ind2="1">
         <marc:subfield code="a">Schwerin</marc:subfield>
         <marc:subfield code="b">[Verlag nicht ermittelbar]</marc:subfield>
         <marc:subfield code="c">1979</marc:subfield>
      </marc:datafield>
      <marc:datafield tag="300" ind1=" " ind2=" ">
         <marc:subfield code="a">1 Film (15:04 Minuten)</marc:subfield>
         <marc:subfield code="b">farbig</marc:subfield>
         <marc:subfield code="c">16 mm</marc:subfield>
      </marc:datafield>
      <marc:datafield tag="336" ind1=" " ind2=" ">
         <marc:subfield code="a">zweidimensionales bewegtes Bild</marc:subfield>
         <marc:subfield code="b">tdi</marc:subfield>
         <marc:subfield code="2">rdacontent</marc:subfield>
      </marc:datafield>
      <marc:datafield tag="337" ind1=" " ind2=" ">
         <marc:subfield code="a">projizierbar</marc:subfield>
         <marc:subfield code="b">g</marc:subfield>
         <marc:subfield code="2">rdamedia</marc:subfield>
      </marc:datafield>
      <marc:datafield tag="338" ind1=" " ind2=" ">
         <marc:subfield code="a">Filmrolle</marc:subfield>
         <marc:subfield code="b">mo</marc:subfield>
         <marc:subfield code="2">rdacarrier</marc:subfield>
      </marc:datafield>
      <marc:datafield tag="500" ind1=" " ind2=" ">
         <marc:subfield code="a">Tanzfilm. DDR. 1979</marc:subfield>
      </marc:datafield>
      <marc:datafield tag="655" ind1=" " ind2="7">
         <marc:subfield code="a">Film</marc:subfield>
         <marc:subfield code="0">(DE-588)4017102-4</marc:subfield>
         <marc:subfield code="0">(DE-627)104559683</marc:subfield>
         <marc:subfield code="0">(DE-576)208918531</marc:subfield>
         <marc:subfield code="2">gnd-content</marc:subfield>
      </marc:datafield>
      <marc:datafield tag="700" ind1="1" ind2=" ">
         <marc:subfield code="a">Petermann, Kurt</marc:subfield>
         <marc:subfield code="d">1930-1984</marc:subfield>
         <marc:subfield code="e">FilmemacherIn</marc:subfield>
         <marc:subfield code="0">(DE-588)123791413</marc:subfield>
         <marc:subfield code="0">(DE-627)082769737</marc:subfield>
         <marc:subfield code="0">(DE-576)215010728</marc:subfield>
         <marc:subfield code="4">fmk</marc:subfield>
      </marc:datafield>
      <marc:datafield tag="700" ind1="1" ind2=" ">
         <marc:subfield code="a">Beethoven, Ludwig van</marc:subfield>
         <marc:subfield code="d">1770-1827</marc:subfield>
         <marc:subfield code="e">KomponistIn</marc:subfield>
         <marc:subfield code="0">(DE-588)118508288</marc:subfield>
         <marc:subfield code="0">(DE-627)133447375</marc:subfield>
         <marc:subfield code="0">(DE-576)160223660</marc:subfield>
         <marc:subfield code="4">cmp</marc:subfield>
      </marc:datafield>
      <marc:datafield tag="700" ind1="1" ind2=" ">
         <marc:subfield code="a">Schurath, Marion</marc:subfield>
         <marc:subfield code="e">LibrettistIn</marc:subfield>
         <marc:subfield code="e">ChoreografIn</marc:subfield>
         <marc:subfield code="4">lbt</marc:subfield>
         <marc:subfield code="4">chr</marc:subfield>
      </marc:datafield>
      <marc:datafield tag="711" ind1="2" ind2=" ">
         <marc:subfield code="a">Choreographenwettbewerb der DDR</marc:subfield>
         <marc:subfield code="d">1979</marc:subfield>
         <marc:subfield code="c">Schwerin</marc:subfield>
         <marc:subfield code="j">VeranstalterIn</marc:subfield>
         <marc:subfield code="0">(DE-588)1138995819</marc:subfield>
         <marc:subfield code="0">(DE-627)896776786</marc:subfield>
         <marc:subfield code="0">(DE-576)492810516</marc:subfield>
         <marc:subfield code="4">orm</marc:subfield>
      </marc:datafield>
      <marc:datafield tag="935" ind1=" " ind2=" ">
         <marc:subfield code="c">vide</marc:subfield>
         <marc:subfield code="c">muto</marc:subfield>
      </marc:datafield>
      <marc:datafield tag="937" ind1=" " ind2=" ">
         <marc:subfield code="a">Tanzfilm</marc:subfield>
         <marc:subfield code="b">DDR</marc:subfield>
         <marc:subfield code="c">1979</marc:subfield>
      </marc:datafield>
      <marc:datafield tag="951" ind1=" " ind2=" ">
         <marc:subfield code="a">BO</marc:subfield>
      </marc:datafield>
   </marc:record>